<record><leader>00000cas a22000007a 4500</leader><controlfield tag="001">33975191</controlfield><controlfield tag="008">951229d1961197uazusr ne      0    0eng d</controlfield><datafield ind1=" " ind2=" " tag="010"><subfield code="a">sn 95060675 </subfield></datafield><datafield ind1=" " ind2=" " tag="040"><subfield code="a">ANN</subfield><subfield code="b">eng</subfield><subfield code="c">ANN</subfield><subfield code="d">OCLCQ</subfield><subfield code="d">OCLCF</subfield><subfield code="d">OCLCO</subfield></datafield><datafield ind1="1" ind2=" " tag="029"><subfield code="a">AU@</subfield><subfield code="b">000025856637</subfield></datafield><datafield ind1=" " ind2=" " tag="042"><subfield code="a">msc</subfield></datafield><datafield ind1="0" ind2=" " tag="130"><subfield code="a">Sun news (Tucson, Ariz.)</subfield></datafield><datafield ind1="0" ind2="0" tag="245"><subfield code="a">Sun news.</subfield></datafield><datafield ind1=" " ind2=" " tag="260"><subfield code="a">Tucson, Ariz. :</subfield><subfield code="b">W.S. Berman,</subfield><subfield code="c">1961-</subfield></datafield><datafield ind1=" " ind2=" " tag="300"><subfield code="a">v.</subfield></datafield><datafield ind1=" " ind2=" " tag="310"><subfield code="a">Semimonthly</subfield></datafield><datafield ind1=" " ind2=" " tag="321"><subfield code="a">Frequency varies</subfield></datafield><datafield ind1="0" ind2=" " tag="362"><subfield code="a">Vol. 28, no. 27 (Mar. 16, 1961)-</subfield></datafield><datafield ind1=" " ind2="0" tag="651"><subfield code="a">Tucson (Ariz.)</subfield><subfield code="v">Newspapers.</subfield></datafield><datafield ind1=" " ind2="7" tag="655"><subfield code="a">Newspapers.</subfield><subfield code="2">fast</subfield><subfield code="0">(OCoLC)fst01423814</subfield></datafield><datafield ind1=" " ind2="7" tag="651"><subfield code="a">Arizona</subfield><subfield code="z">Tucson.</subfield><subfield code="2">fast</subfield><subfield code="0">(OCoLC)fst01205454</subfield></datafield><datafield ind1=" " ind2=" " tag="752"><subfield code="a">United States</subfield><subfield code="b">Arizona</subfield><subfield code="c">Pima</subfield><subfield code="d">Tucson.</subfield></datafield><datafield ind1="0" ind2=" " tag="775"><subfield code="t">Eastside sun</subfield></datafield><datafield ind1="0" ind2=" " tag="775"><subfield code="t">Northeast sun</subfield></datafield><datafield ind1="0" ind2=" " tag="775"><subfield code="t">Northside sun</subfield></datafield><datafield ind1="0" ind2="0" tag="780"><subfield code="t">Tucson sun news (Tucson, Ariz. : 1954)</subfield><subfield code="w">(DLC)sn 95060676</subfield></datafield></record>